@online{iou,
    author = {Rosebrock, Adrian},
    date = {2016-11-7},
    title = {Intersection over Union (IoU) for object detection},
    url = {https://www.pyimagesearch.com/2016/11/07/intersection-over-union-iou-for-object-detection/}
}

@online{training,
    title = {Cascade Classifier Training},
    url = {https://docs.opencv.org/3.4/dc/d88/tutorial_traincascade.html}
}